<?xml version="1.0" encoding="UTF-8"?><record xmlns="http://www.loc.gov/MARC21/slim" xmlns:cinclude="http://apache.org/cocoon/include/1.0" xmlns:zs="http://www.loc.gov/zing/srw/">
  <leader>00488nz  a2200145n  4500</leader>
  <controlfield tag="001">no2011042653</controlfield>
  <controlfield tag="003">DLC</controlfield>
  <controlfield tag="005">20110319075325.0</controlfield>
  <controlfield tag="008">110317n| acannaabn          |n aaa     c</controlfield>
  <datafield tag="010" ind1=" " ind2=" ">
    <subfield code="a">no2011042653</subfield>
  </datafield>
  <datafield tag="035" ind1=" " ind2=" ">
    <subfield code="a">(OCoLC)oca08800676</subfield>
  </datafield>
  <datafield tag="040" ind1=" " ind2=" ">
    <subfield code="a">IEN</subfield>
    <subfield code="b">eng</subfield>
    <subfield code="c">IEN</subfield>
  </datafield>
  <datafield tag="100" ind1="1" ind2=" ">
    <subfield code="a">Evans, Herndon J.,</subfield>
    <subfield code="d">1895-1976</subfield>
  </datafield>
  <datafield tag="670" ind1=" " ind2=" ">
    <subfield code="a">The newspaper press in Kentucky, 2009:</subfield>
    <subfield code="b">t.p. (Herndon J. Evans)</subfield>
  </datafield>
  <datafield tag="670" ind1=" " ind2=" ">
    <subfield code="a">OCLC, Mar. 17, 2011</subfield>
    <subfield code="b">(hdgs.: Evans, Herndon J.; Evans, Herndon J., 1895-1976; usage, Herndon J. Evans)</subfield>
  </datafield>
</record>